@inproceedings{gallatin1999trapeze,
  title     = {Trapeze/IP: TCP/IP at Near-Gigabit Speeds},
  author    = {Andrew J. Gallatin and Jeffrey S. Chase and Kenneth G. Yocum},
  booktitle = {Proceedings of the USENIX Annual Technical Conference},
  pages     = {109--120},
  year      = {1999},
  url       = {https://www.usenix.org/event/usenix99/full_papers/gallatin/gallatin.pdf}
}

@article{cox2000profiling,
  author    = {Alan L. Cox and Lambert Schaelicke and Al Davis and Sally A. McKee},
  title     = {Profiling I/O Interrupts in Modern Architectures},
  journal   = {Proceedings of the Workshop on Performance Analysis and Its Impact on Design},
  year      = {2000},
  url       = {https://users.cs.utah.edu/~ald/pubs/interrupts.pdf}
}

@misc{fdio_what_is_vpp,
  author       = {FD.io},
  title        = {What is VPP?},
  year         = {2025},
  howpublished = {\url{https://wiki.fd.io/view/VPP/What\_is\_VPP\%3F}},
  note         = {Accessed: 2025-04-07}
}

@article{LINGUAGLOSSA,
title = {High-speed data plane and network functions virtualization by vectorizing packet processing},
journal = {Computer Networks},
volume = {149},
pages = {187-199},
year = {2019},
issn = {1389-1286},
doi = {https://doi.org/10.1016/j.comnet.2018.11.033},
url = {https://www.sciencedirect.com/science/article/pii/S1389128618312957},
author = {Leonardo Linguaglossa and Dario Rossi and Salvatore Pontarelli and Dave Barach and Damjan Marjon and Pierre Pfister},
keywords = {Software routers, High-speed networking, Vector packet processing, Kernel-bypass}
}

@article{DR:COMMAG-18,
  author = {Barach, David and Linguaglossa, Leonardo and Marion, Damjan and Pfister, Pierre and Pontarelli, Salvatore and Rossi, Dario},
  journal = {IEEE Communication Magazine},
  title = {High-speed Software Data Plane via Vectorized Packet Processing},
  year = {2018},
  volume = {56},
  number = {12},
  pages = {97-103},
  keywords = {Vector Packet Processing; High-speed networking;  System design},
  howpublished = {https://perso.telecom-paristech.fr/drossi/paper/rossi18commag.pdf},
  doi = {10.1109/MCOM.2018.1800069},
  issn = {0163-6804},
  month = dec
}


@misc{fdio_vpp_extensible_2021,
  author       = {{FD.io}},
  title        = {Extensible: VPP and its plugin architecture},
  year         = {2021},
  howpublished = {\url{https://fd.io/docs/vpp/v2101/whatisvpp/extensible}},
  note         = {Accessed: 2025-04-10}
}

@misc{dpdk_about,
  author       = {{DPDK Project}},
  title        = {{About DPDK}},
  howpublished = {\url{https://www.dpdk.org/about/}},
  year         = {2025},
  note         = {Accessed: 2025-04-13}
}

@misc{dpdk-supported-nics,
  author       = {{DPDK Project}},
  title        = {Supported NICs},
  howpublished = {\url{https://core.dpdk.org/supported/nics/}},
  year         = {2024},
  note         = {Accessed: 2025-04-20}
}

@article{burakov2019memory,
  author  = {Anatoly Burakov},
  title   = {Memory in DPDK, Part 1: General Concepts},
  journal = {DPDK Blog},
  year    = {2019},
  url     = {https://www.dpdk.org/memory-in-dpdk-part-1-general-concepts/},
  note    = {Accessed: 2025-04-20}
}

@misc{linux-packet-input,
      title={Understanding and Enhancing Linux Kernel-based Packet Switching on WiFi Access Points}, 
      author={Shiqi Zhang and Mridul Gupta and Behnam Dezfouli},
      year={2024},
      eprint={2408.01013},
      archivePrefix={arXiv},
      primaryClass={cs.NI},
      url={https://arxiv.org/abs/2408.01013}, 
}

@misc{linux-rss,
  author       = {Linux Kernel Documentation},
  title        = {Scaling in the Linux Networking Stack},
  year         = {2023},
  howpublished = {\url{https://docs.kernel.org/networking/scaling.html}},
  note         = {Accessed: 2025-04-19}
}

@misc{intel-core-utilization-2025,
  author       = {{Intel Corporation}},
  title        = {Core Utilization in DPDK Applications},
  year         = {2024},
  howpublished = {\url{https://www.intel.com/content/www/us/en/docs/vtune-profiler/cookbook/2025-0/core-utilization-in-dpdk-apps.html}},
  note         = {Accessed: 2025-04-19}
}

@misc{intel-pcie-traffic-2025,
  author       = {{Intel Corporation}},
  title        = {PCIe Traffic in DPDK Applications},
  year         = {2024},
  howpublished = {\url{https://www.intel.com/content/www/us/en/docs/vtune-profiler/cookbook/2025-0/pcie-traffic-in-dpdk-apps.html}},
  note         = {Accessed: 2025-04-19}
}


@article{FREITAS2022148,
  title = {A survey on accelerating technologies for fast network packet processing in Linux environments},
  journal = {Computer Communications},
  volume = {196},
  pages = {148-166},
  year = {2022},
  issn = {0140-3664},
  doi = {https://doi.org/10.1016/j.comcom.2022.10.003},
  url = {https://www.sciencedirect.com/science/article/pii/S0140366422003917},
  author = {Eduardo Freitas and Assis T. {de Oliveira Filho} and Pedro R.X. {do Carmo} and Djamel Sadok and Judith Kelner},
  keywords = {Fast packet processing, Linux kernel, Kernel bypass, Offloading, Programmable network}
}

@misc{rfc2544,
    series =    {Request for Comments},
    number =    2544,
    howpublished =  {RFC 2544},
    publisher = {RFC Editor},
    doi =       {10.17487/RFC2544},
    url =       {https://www.rfc-editor.org/info/rfc2544},
    author =    {},
    title =     {{Benchmarking Methodology for Network Interconnect Devices}},
    pagetotal = 31,
    year =      1999,
    month =     mar,
    abstract =  {This document is a republication of RFC 1944 correcting the values for the IP addresses which were assigned to be used as the default addresses for networking test equipment. This memo provides information for the Internet community.},
}

@misc{RFC8219,
  author       = {David Allan and Jordi Palet Martinez},
  title        = {Benchmarking Methodology for IPv6 Transition Technologies},
  howpublished = {\url{https://datatracker.ietf.org/doc/html/rfc8219}},
  year         = {2017},
  month        = {July},
  note         = {RFC 8219},
  institution  = {Internet Engineering Task Force},
}


@article{JURKIEWICZ202115,
  title = {Flow length and size distributions in campus Internet traffic},
  journal = {Computer Communications},
  volume = {167},
  pages = {15-30},
  year = {2021},
  issn = {0140-3664},
  doi = {https://doi.org/10.1016/j.comcom.2020.12.016},
  url = {https://www.sciencedirect.com/science/article/pii/S0140366420320223},
  author = {Piotr Jurkiewicz and Grzegorz Rzym and Piotr Boryło},
  keywords = {Flow distributions, Network traffic model, Elephant flows, Mice flows, SDN},
}

@INPROCEEDINGS{10819057,
  author={Slavic, Goran and Krajnovic, Nenad},
  booktitle={2024 32nd Telecommunications Forum (TELFOR)}, 
  title={Practical implementation of the vector packet processing software router}, 
  year={2024},
  volume={},
  number={},
  pages={1-4},
  keywords={Linux;Switches;Routing;Birds;Software;Hardware;Vectors;Telecommunications;Open source software;software router;VPP;DPDK;BIRD;Networking;routing software},
  doi={10.1109/TELFOR63250.2024.10819057}
}

@misc{fdio-vpp-features-2502,
  author       = {{FD.io Project}},
  title        = {VPP Feature List – FD.io Documentation (Release 25.02)},
  year         = {2025},
  url          = {https://s3-docs.fd.io/vpp/25.02/aboutvpp/featurelist.html},
  note         = {Accessed: 2025-04-15}
}

@article{traffic-generators,
  author = {Adeleke, Oluwamayowa Ade and Bastin, Nicholas and Gurkan, Deniz},
  title = {Network Traffic Generation: A Survey and Methodology},
  year = {2022},
  issue_date = {February 2023},
  publisher = {Association for Computing Machinery},
  address = {New York, NY, USA},
  volume = {55},
  number = {2},
  issn = {0360-0300},
  url = {https://doi.org/10.1145/3488375},
  doi = {10.1145/3488375},
  journal = {ACM Comput. Surv.},
  month = jan,
  articleno = {28},
  numpages = {23},
  keywords = {Network, packet, traffic, workload, generator, experiment, survey, analysis}
}

@misc{iperf,
  author = {The iPerf Team},
  title = {iPerf - The Network Testing Tool},
  year = {2025},
  url = {https://iperf.fr/},
  note = {Accessed: 2025-04-16}
}  

@misc{trex,
  author = {Cisco Systems, Inc.},
  title = {TRex - Traffic Generator},
  year = {2025},
  url = {https://trex-tgn.cisco.com/},
  note = {Accessed: 2025-04-16}
}

@misc{pktgen_dpdk,
  author       = {DPDK Project},
  title        = {Pktgen-DPDK},
  howpublished = {\url{https://pktgen-dpdk.readthedocs.io/}},
  year         = {2025},
  note         = {Accessed: 2025-04-16}
}

@manual{DITGManual,
  title        = {D-ITG: Distributed Internet Traffic Generator Manual},
  author       = {Computer Networking Group, Università degli Studi di Napoli Federico II},
  year         = {2013},
  note         = {Accessed: 2025-04-16},
  url          = {https://traffic.comics.unina.it/software/ITG/manual/}
}

@techreport{fdio2017whitepaper,
  title        = {FD.io VPP: High Performance, Modular, and Production Quality Software Forwarder},
  author       = {{FD.io Project}},
  year         = {2017},
  month        = {July},
  institution  = {FD.io},
  url          = {https://fd.io/docs/whitepapers/FDioVPPwhitepaperJuly2017.pdf},
  note         = {Accessed: 2025-04-16}
}





